@String(PAMI = {IEEE Trans. Pattern Anal. Mach. Intell.})
@String(IJCV = {Int. J. Comput. Vis.})
@String(CVPR= {IEEE Conf. Comput. Vis. Pattern Recog.})
@String(ICCV= {Int. Conf. Comput. Vis.})
@String(ECCV= {Eur. Conf. Comput. Vis.})
@String(NIPS= {Adv. Neural Inform. Process. Syst.})
@String(ICPR = {Int. Conf. Pattern Recog.})
@String(BMVC= {Brit. Mach. Vis. Conf.})
@String(TOG= {ACM Trans. Graph.})
@String(TIP  = {IEEE Trans. Image Process.})
@String(TVCG  = {IEEE Trans. Vis. Comput. Graph.})
@String(TMM  = {IEEE Trans. Multimedia})
@String(ACMMM= {ACM Int. Conf. Multimedia})
@String(ICME = {Int. Conf. Multimedia and Expo})
@String(ICASSP=	{ICASSP})
@String(ICIP = {IEEE Int. Conf. Image Process.})
@String(ACCV  = {ACCV})
@String(ICLR = {Int. Conf. Learn. Represent.})
@String(IJCAI = {IJCAI})
@String(PR   = {Pattern Recognition})
@String(AAAI = {AAAI})
@String(CVPRW= {IEEE Conf. Comput. Vis. Pattern Recog. Worksh.})
@String(CSVT = {IEEE Trans. Circuit Syst. Video Technol.})

@String(SPL	= {IEEE Sign. Process. Letters})
@String(VR   = {Vis. Res.})
@String(JOV	 = {J. Vis.})
@String(TVC  = {The Vis. Comput.})
@String(JCST  = {J. Comput. Sci. Tech.})
@String(CGF  = {Comput. Graph. Forum})
@String(CVM = {Computational Visual Media})


@String(PAMI  = {IEEE TPAMI})
@String(IJCV  = {IJCV})
@String(CVPR  = {CVPR})
@String(ICCV  = {ICCV})
@String(ECCV  = {ECCV})
@String(NIPS  = {NeurIPS})
@String(ICPR  = {ICPR})
@String(BMVC  =	{BMVC})
@String(TOG   = {ACM TOG})
@String(TIP   = {IEEE TIP})
@String(TVCG  = {IEEE TVCG})
@String(TCSVT = {IEEE TCSVT})
@String(TMM   =	{IEEE TMM})
@String(ACMMM = {ACM MM})
@String(ICME  =	{ICME})
@String(ICASSP=	{ICASSP})
@String(ICIP  = {ICIP})
@String(ACCV  = {ACCV})
@String(ICLR  = {ICLR})
@String(IJCAI = {IJCAI})
@String(PR = {PR})
@String(AAAI = {AAAI})
@String(CVPRW= {CVPRW})
@String(CSVT = {IEEE TCSVT})

@misc{becattini2017,
  doi = {10.48550/ARXIV.1705.01781},
  url = {https://arxiv.org/abs/1705.01781},
  author = {Becattini, Federico and Uricchio, Tiberio and Seidenari, Lorenzo and Ballan, Lamberto and Del Bimbo, Alberto},
  keywords = {Computer Vision and Pattern Recognition (cs.CV), FOS: Computer and information sciences, FOS: Computer and information sciences},
  title = {Am I Done? Predicting Action Progress in Videos},
  publisher = {arXiv},
  year = {2017},
  copyright = {arXiv.org perpetual, non-exclusive license}
}

@article{twinanda2019,
	doi = {10.1109/tmi.2018.2878055},
	url = {https://doi.org/10.1109%2Ftmi.2018.2878055},
	year = 2019,
	month = {apr},
	publisher = {Institute of Electrical and Electronics Engineers ({IEEE})},
	volume = {38},
	number = {4},
	pages = {1069--1078},
	author = {Andru Putra Twinanda and Gaurav Yengera and Didier Mutter and Jacques Marescaux and Nicolas Padoy},
	title = {{RSDNet}: Learning to Predict Remaining Surgery Duration from Laparoscopic Videos Without Manual Annotations},
	journal = {{IEEE} Transactions on Medical Imaging}
}

@misc{kukleva2019,
      title={Unsupervised learning of action classes with continuous temporal embedding}, 
      author={Anna Kukleva and Hilde Kuehne and Fadime Sener and Juergen Gall},
      year={2019},
      eprint={1904.04189},
      archivePrefix={arXiv},
      primaryClass={cs.CV}
}

@article{nwoye2022,
	doi = {10.1016/j.media.2022.102433},
	url = {https://doi.org/10.1016%2Fj.media.2022.102433},
	year = 2022,
	month = {may},
	publisher = {Elsevier {BV}},
  
	volume = {78},
  
	pages = {102433},
  
	author = {Chinedu Innocent Nwoye and Tong Yu and Cristians Gonzalez and Barbara Seeliger and Pietro Mascagni and Didier Mutter and Jacques Marescaux and Nicolas Padoy},
  
	title = {Rendezvous: Attention mechanisms for the recognition of surgical action triplets in endoscopic videos},
  
	journal = {Medical Image Analysis}
}

@InProceedings{kuehne2014,
   author= {Kuehne, H. and Arslan, A. B. and Serre, T.},
   title = {The Language of Actions: Recovering the Syntax and Semantics of Goal-Directed Human Activities},
   booktitle = {Proceedings of Computer Vision and Pattern Recognition Conference (CVPR)},
   year = {2014},
}

@InProceedings{kuehne2016,
author = {Hilde Kuehne and Juergen Gall and Thomas Serre},
title = {An end-to-end generative framework for video segmentation and recognition},
booktitle = {Proc. IEEE Winter Applications of Computer Vision Conference (WACV 16)},
year = {2016},
month = {Mar},
address = {Lake Placid},
}

@misc{soomro2012,
      title={UCF101: A Dataset of 101 Human Actions Classes From Videos in The Wild}, 
      author={Khurram Soomro and Amir Roshan Zamir and Mubarak Shah},
      year={2012},
      eprint={1212.0402},
      archivePrefix={arXiv},
      primaryClass={cs.CV}
}